%
% FILE        : survey.bib
% AUTHOR      : Peter C. Chapin
% SUBJECT     : BibTeX database for survey paper.
%

% Trust Management Systems
% ========================

% PolicyMaker
% -----------

@inproceedings{Blaze:DTM,
  author = {Matt Blaze and Joan Feigenbaum and Jack Lacy},
  title = {Decentralized Trust Management},
  booktitle = {Proceedings of the 1996 {IEEE} Symposium on Security and Privacy},
  pages = {164--173},
  year = {1996},
  month = {May},
  publisher = {IEEE Computer Society Press}
}

@inproceedings{Blaze:CCPTMS,
  author = {Matt Blaze and Joan Feigenbaum and Martin Strauss},
  title = {Compliance Checking in the PolicyMaker Trust Management System},
  booktitle = {Proceedings of the 2nd International Conference on Financial Cryptography},
  pages = {254--274},
  year = {1998},
  publisher = {Springer-Verlag}
}

% KeyNote
% -------

@manual{RFC-2704,
  author = {Matt Blaze and Joan Feigenbaum and John Ioannidis and Angelos D. Keromytis},
  title = {{RFC-2704}: The KeyNote Trust-Management System Version 2},
  organization = {Internet Engineering Task Force},
  year = {1999},
  month = {September}
}

@article{Blaze:TMIPS,
  author = {Matt Blaze and John Ioannidis and Angelos D. Keromytis},
  title = {Trust Management for {IPsec}},
  journal = {{ACM} Transactions on Information and System Security},
  volume = {5},
  number = {2},
  year = {2002},
  month = {May},
  pages = {95--118}
}

@inproceedings{Blaze:EKTMS,
  author = {Matt Blaze and John Ioannidis and Angelos D. Keromytis},
  title = {Experience with the KeyNote Trust Management System: Applications and Future Directions},
  booktitle = {Proceedings of the 1st International Conference on Trust Management},
  year = {2003},
  month = {May},
  pages = {284--300},
  address = {Keraklion, Crete, Greece},
  publisher = {Springer-Verlag}
}

% SDSI/SPKI
% ---------

@manual{RFC-2693,
  author = {C. Ellison and B. Frantz and B. Lampson and R. Rivest and B. Thomas and T. Ylonen},
  title = {{RFC-2693}: {SPKI} Certificate Theory},
  organization = {Internet Engineering Task Force},
  year = {1999},
  month = {September}
}

@article{Abadi:OSLLNS,
  author = {Martin Abadi},
  title = {On {SDSI}'s Linked Local Name Spaces},
  journal = {Journal of Computer Security},
  year = {1998},
  volume = {6},
  number = {1--2},
  pages = {3--21}
}

@inproceedings{Halpern:LSSLLNS,
  author = {J. Halpern and R. van der Meyden},
  title = {A Logic for {SDSI}'s Linked Local Name Spaces},
  booktitle = {Proceedings of the 12th {IEEE} Computer Security Foundations Workshop},
  pages = {111--122},
  year = {1999}
}

@inproceedings{Li:LNSS,
  author = {Ninghui Li},
  title = {Local Names in {SPKI/SDSI}},
  booktitle = {Proceedings of the 13th {IEEE} Computer Security Foundations Workshop},
  year = {2000},
  month = {July},
  pages = {2--15},
  address = {Cambridge, UK},
  publisher = {IEEE Computer Society Press},
  url = {http://www.cs.purdue.edu/homes/ninghui/papers/names_csfw00.pdf}
}

@techreport{Howell:FSS,
  author = {Jon Howell and David Kotz},
  title = {A Formal Semantics for {SPKI}},
  institution = {Dartmouth College},
  year = {2000},
  number = {2000-363}
}

@phdthesis{Howell:NSRAAB,
  author = {Jon Howell},
  title = {Naming and Sharing Resrouces Across Administrative Boundaries},
  school = {Dartmouth College},
  year = {2000}
}

@inproceedings{Halpern:LRS,
  author = {J. Y. Halpern and R. van der Meyden},
  title = {A Logical Reconstruction of {SPKI}},
  booktitle = {Proceedings of the 14th {IEEE} Computer Security Foundations Workshop},
  year = {2001},
  pages = {59--70}
}

@article{Clarke:CCDSS,
  author = {Dwaine Clarke and Jean-Emile Elien and Carl Ellison and Matt Fredette and Alexander Morcos and Ronald L. Rivest},
  title = {Certificate Chain Discovery in {SPKI/SDSI}},
  journal= {Journal of Computer Security},
  volume = {9},
  number = {4},
  year = {2001},
  issn = {0926-227X},
  pages = {285--322},
  publisher = {IOS Press},
  address = {Amsterdam, The Netherlands, The Netherlands},
  url = {citeseer.lcs.mit.edu/clarke00certificate.html}
}

@inproceedings{Jha:ASSCUMC,
  author = {S. Jha and T. Reps},
  title = {Analysis of {SPKI/SDSI} Certificates Using Model Checking},
  booktitle = {Proceedings of the 15th {IEEE} Computer Security Foundations Workshop},
  year = {2002},
  pages = {129},
  isbn = {0-7695-1689-0},
  publisher = {IEEE Computer Society},
  address = {Washington, DC, USA},
  doi = {http://doi.ieeecomputersociety.org/10.1109/CSFW.2002.1021812},
}

@article{Li:USSUFOL,
  author = {Ninghui Li and C. Mitchell},
  title = {Understanding SPKI/SDSI using first-order logic},
  journal = {International Journal of Information Security},
  volume = {5},
  number = {1},
  year = {2006},
  issn = {1615-5262},
  pages = {48--64},
  doi = {http://dx.doi.org/10.1007/s10207-005-0073-0},
  publisher = {Springer-Verlag},
  address = {Berlin, Heidelberg},
  url = {http://www.cs.purdue.edu/homes/ninghui/papers/sem_spki_j.pdf}
}

% REFEREE
% -------

@article{Resnick:PIACWC,
  author = {Paul Resnick and J. Miller},
  title = {{PICS}: Internet Access Controls Without Censorship},
  journal = {Communications of the {ACM}},
  year = {1996},
  month = {October},
  volume = {39},
  number = {10},
  pages = {87--93},
  doi = {http://doi.acm.org/10.1145/236156.236175},
  publisher = {ACM Press},
  address = {New York, NY, USA},
  issn = {0001-0782},
}

@article{Chu:RTMWA,
  author = {Yang-Hua Chu and Joan Feigenbaum and Brian LaMacchia and Paul Resnick and Martin Strauss},
  title = {{REFEREE}: Trust Management for Web Applications},
  journal = {World Wide Web Journal},
  year = {1997},
  month = {Summer},
  volume = {2},
  number = {3},
  pages = {127--139}
}

@article{Blaze:MTILS,
  author = {Matt Blaze and Joan Feigebaum and Paul Resnick and M. Strauss},
  title = {Managing Trust in an Information Labeling System},
  journal = {European Transactions on Telecommunications},
  year = {1997},
  pages = {491--501}
}

% QCM
% ---

% This is an extended abstract.
@unpublished{Gunter:ADDUQCM,
  author = {Carl A. Gunter and Trevor Jim and Bow-Yaw Wang},
  title = {Authenticated Data Distribution Using Query Certificate Managers},
  year = {1997},
  note = {Unpublished extended abstract. http://www.cis.upenn.edu/\%7Ebcpierce/courses/629/papers/Gunter-QCM.ps.gz}
}

@inproceedings{Gunter:DALSI,
  author = {Carl A. Gunter and Trevor Jim},
  title = {Design of an Application-Level Security Infrastructure},
  booktitle = {Proceedings of the DIMACS Workshop on Design and Formal Verification of Security Protocols},
  year = {1997},
  month = {September}
}

@inproceedings{Gunter:GCR,
  author = {Carl A. Gunter and Trevor Jim},
  title = {Generalized Certificate Revocation},
  booktitle = {Proceedings of the 27th {ACM} SIGPLAN-SIGACT Symposium on Principles of Programming Languages},
  year = {2000},
  month = {January},
  pages = {316--329}
}

@article{Gunter:PDCR,
  author = {Carl A. Gunter and Trevor Jim},
  title = {Policy-Directed Certificate Retrieval},
  journal = {Software: Practice \& Experience},
  volume = {30},
  number = {15},
  year = {2000},
  issn = {0038-0644},
  pages = {1609--1640},
  doi = {http://dx.doi.org/10.1002/1097-024X(200012)30:15<1609::AID-SPE334>3.0.CO;2-5},
  publisher = {John Wiley \& Sons, Inc.},
  address = {New York, NY, USA},
}

@inproceedings{Kakkar:CDLA,
  author = {Pankaj Kakkar and Michael McDougall and Carl A. Gunter and Trevor Jim},
  title = {Credential Distribution with Local Autonomy},
  booktitle = {Proceedings of the 2nd International Working Conference on Active Networks},
  year = {2000},
  month = {October}
}

% OASIS
% -----

@inproceedings{Hayton:ACODE,
  author = {R. J. Hayton and J. M. Bacon and K. Moody},
  title = {{OASIS}: Access Control in an Open Distributed Environment},
  booktitle = {Proceedings of the {IEEE} Symposium on Security and Privacy},
  year = {1998},
  month = {May},
  pages = {3--14},
  publisher = {IEEE Computer Society Press}
}

@article{Bacon:GSDA,
  author = {Jean Bacon and Ken Moody and John Bates and Richard Hayton and Chaoying Ma and Andrew McNeil and Oliver Seidel and Mark Spiteri},
  title = {Generic Support for Distributed Applications},
  journal = {Computer},
  volume = {33},
  number = {3},
  year = {2000},
  issn = {0018-9162},
  pages = {68--76},
  doi = {http://dx.doi.org/10.1109/2.825698},
  publisher = {IEEE Computer Society Press},
  address = {Los Alamitos, CA, USA},
}
 
@inproceedings{Hine:ADOS,
  author = {John A. Hine and Walt Yao and Jean Bacon and Ken Moody},
  title = {An Architecture for Distributed {OASIS} Services},
  booktitle = {Middleware 2000: IFIP/ACM International Conference on Distributed Systems Platforms},
  year = {2000},
  isbn = {3-540-67352-0},
  pages = {104--120},
  location = {New York, New York, United States},
  publisher = {Springer-Verlag New York, Inc.},
  address = {Secaucus, NJ, USA},
}

@article{Bacon:TOSWDS,
  author = {Jean Bacon and Ken Moody},
  title = {Toward Open, Secure, Widely Distributed Services},
  journal = {Communications of the {ACM}},
  volume = {45},
  number = {6},
  year = {2002},
  issn = {0001-0782},
  pages = {59--64},
  doi = {http://doi.acm.org/10.1145/508448.508475},
  publisher = {ACM Press},
  address = {New York, NY, USA},
}

@article{Bacon:MORBACSAS,
  author = {Jean Bacon and Ken Moody and Walt Yao},
  title = {A Model of {OASIS} Role-Based Access Control and Its Support for Active Security},
  journal = {{ACM} Transactions on Information and System Security},
  volume = {5},
  number = {4},
  year = {2002},
  month = {November},
  pages = {492--540}
}

@article{Bacon:ACTUWDS,
  author = {Jean Bacon and Ken Moody and Walt Yao},
  title = {Access Control and Trust in the Use of Widely Distributed Services},
  journal = {Software---Practice \& Experience},
  volume = {33},
  number = {4},
  year = {2003},
  issn = {0038-0644},
  pages = {375--394},
  doi = {http://dx.doi.org/10.1002/spe.511},
  publisher = {John Wiley \& Sons, Inc.},
  address = {New York, NY, USA},
}

@inproceedings{Dimmock:UTRRBACP,
  author = {Nathan Dimmock and Andr\&\#225;s Belokosztolszki and David Eyers and Jean Bacon and Ken Moody},
  title = {Using Trust and Risk in Role-Based Access Control Policies},
  booktitle = {Proceedings of the 9th {ACM} Symposium on Access Control Models and Technologies},
  year = {2004},
  isbn = {1-58113-872-5},
  pages = {156--162},
  location = {Yorktown Heights, New York, USA},
  doi = {http://doi.acm.org/10.1145/990036.990062},
  publisher = {ACM Press},
  address = {New York, NY, USA},
}

% PCA
% ---

@inproceedings{Necula:PCC,
  author = {George C. Necula},
  title = {Proof-Carrying Code},
  booktitle = {Proceedings of the 24th {ACM} SIGPLAN-SIGACT Symposium on Principles of programming languages},
  year = {1997},
  isbn = {0-89791-853-3},
  pages = {106--119},
  location = {Paris, France},
  doi = {http://doi.acm.org/10.1145/263699.263712},
  publisher = {ACM Press},
  address = {New York, NY, USA},
}

@inproceedings{Appel:PCA,
  author = {Andrew W. Appel and Edward W. Felten},
  title = {Proof-Carrying Authentication},
  booktitle = {Proceedings of the 6th {ACM} Conference on Computer and Communications Security},
  year = {1999},
  month = {November},
  pages = {52--62},
  isbn = {1-58113-148-8},
  location = {Kent Ridge Digital Labs, Singapore},
  doi = {http://doi.acm.org/10.1145/319709.319718},
  publisher = {ACM Press},
  address = {New York, NY, USA}
}

@inproceedings{Bauer:GFACSW,
  author = {Lujo Bauer and Michael A. Schneider and Edward W. Felten},
  title = {A General and Flexible Access-Control System for the Web},
  booktitle = {Proceedings of the 11th USENIX Security Symposium},
  year = {2002},
  month = {August},
  pages = {93--108},
  location = {San Francisco, California, USA}
}  

@PhdThesis{Bauer:ACWPCA,
  author = {Ljudevit Bauer},
  title = {Access Control for the Web via Proof-Carrying Authorization},
  school = {Princeton University},
  year = {2003}
}

% TPL
% ---

@inproceedings{Herzberg:ACMPKI,
  author = {Amir Herzberg and Yosi Mass and Joris Michaeli and Dalit Naor and Yiftach Ravid},
  title = {Access Control Meets Public Key Infrastructure, Or: Assigning Roles to Strangers},
  booktitle = {Proceedings of the {IEEE} Symposium on Security and Privacy},
  year = {2000},
  month = {May}
}

% SD3
% ---

@inproceedings{Jim:STMSCE,
  author = {Trevor Jim},
  title = {{SD3}: A Trust Management System with Certified Evaluation},
  booktitle = {Proceedings of the 2001 {IEEE} Symposium on Security and Privacy},
  year = {2001},
  publisher = {IEEE Computer Soceity},
  url = {http://csdl2.computer.org/dl/proceedings/sp/2001/1046/00/10460106.pdf}
}

@inproceedings{Jim:DDQE,
  author = {Trevor Jim and Dan Suciu},
  title = {Dynamically Distributed Query Evaluation},
  booktitle = {Proceedings of the 20th {ACM} SIGMOD-SIGACT-SIGART Symposium on Principles of Database Systems},
  year = {2001},
  isbn = {1-58113-361-8},
  pages = {28--39},
  location = {Santa Barbara, California, United States},
  doi = {http://doi.acm.org/10.1145/375551.375557},
  publisher = {ACM Press},
  address = {New York, NY, USA}
 }

% Binder
% ------

@inproceedings{DeTreville:BLBSL,
  author = {John DeTreville},
  title = {Binder, a Logic-Based Security Language},
  booktitle = {Proceedings of the 2002 {IEEE} Symposium on Security and Privacy},
  year = {2002},
  publisher = {IEEE Computer Society},
}

@inproceedings{DeTreville:MCP,
  author = {John DeTreville},
  title = {Making Certificates Programmable},
  booktitle = {Proceedings of the First Annual PKI Workshop},
  year = {2002},
  month = {April},
  location = {Dartmouth College, Hanover, NH, USA},
  address = {Hanover, NH, USA}
}

% Delegation Logic
% ----------------

@inproceedings{Li:PITDL,
  author = {Ninghui Li and Benjamin Grosof and Joan Feigenbaum},
  title = {A Practically Implementable and Tractable Delegation Logic},
  booktitle = {Proceedings of the 2000 {IEEE} Symposium on Security and Privacy},
  year = {2000},
  isbn = {0-7695-0665-8},
  pages = {27},
  publisher = {IEEE Computer Society},
  address = {Washington, DC, USA},
}

@phdthesis{Li:Thesis,
  author = {Ninghui Li},
  title = {Delegation Logic: A Logic-based Approach to Distributed Authorization},
  school = {New York University},
  year = {2000},
  month = {September}
}

@article{Li:DLLBADA,
  author = {Ninghui Li and Benjamin N. Grosof and Joan Feigenbaum},
  title = {Delegation Logic: A Logic-based Approach to Distributed Authorization},
  journal = {{ACM} Transactions on Information and System Security},
  year = {2003},
  month = {February},
  volume = {6},
  number = {1},
  pages = {128--171},
  url = {http://www.cs.purdue.edu/homes/ninghui/abstracts/dl_tissec03.html}
}

% RT
% --

@inproceedings{Li:DRBTMF,
  author = {Ninghui Li and John C. Mitchell and William H. Winsborough},
  title = {Design of a Role-based Trust-management Framework},
  booktitle = {Proceedings of the 2002 {IEEE} Symposium on Security and Privacy},
  year = {2002},
  month = {May},
  publisher = {IEEE Computer Society Press},
  pages = {114--130},
  url = {http://www.cs.purdue.edu/homes/ninghui/abstracts/rt_oakland02.html}
}

@article{Li:DCDTM,
  author = {Ninghui Li and William H. Winsborough and John C. Mitchell},
  title = {Distributed Chain Discovery in Trust Management},
  journal = {Journal of Computer Security},
  year = {2003},
  month = {Feb},
  volume = {11},
  number = {1},
  pages = {35--86},
  url = {http://www.cs.purdue.edu/homes/ninghui/abstracts/discovery_jcs03.html}
}

@inproceedings{Li:RRBTMF,
  author = {Ninghui Li and John C. Mitchell},
  title = {{RT}: A Role-based Trust-management Framework},
  booktitle = {Proceedings of the 3rd DARPA Information Survivability Conference and Exposition},
  year = {2003},
  month = {Apr},
  publisher = {IEEE Computer Society Press},
  pages = {201--212},
  url = {http://www.cs.purdue.edu/homes/ninghui/abstracts/rt_discex03.html}
}

@inproceedings{Hong:DDCTMS,
  author = {Fan Hong and Xian Zhu and Shaobin Wang},
  title =  {Delegation Depth Control in Trust-Management System},
  booktitle = {Proceedings of the 19th International Conference on Advanced Information Networking and Applications},
  year = {2005},
  publisher = {IEEE Computer Society Press},
  pages = {411-414},
  doi = {http://doi.ieeecomputersociety.org/10.1109/AINA.2005.148}
}

@inproceedings{Chapin:RADA,
  author = {Peter Chapin and Christian Skalka and X. Sean Wang},
  title = {Risk Assessment in Distributed Authorization},
  booktitle = {Proceedings of the 2005 {ACM} Workshop on Formal Methods in Security Engineering},
  year = {2005},
  month = {November},
  location = {Fairfax, Virginia, United States}
}

@article{skalka-wang-chapin-jcs06,
  author = {Christian Skalka and X. Sean Wang and Peter Chapin},
  title = {Risk Management for Distributed Authorization},
  journal = {Journal of Computer Security},
  volume = {15},
  number = {4},
  year = {2007},
  pages = {447--489}
}


% Lithium
% -------

@inproceedings{Halpern:UFOLRAP,
  author = {Joseph Y. Halpern and Vicky Weissman},
  title = {Using First-Order Logic to Reason About Policies},
  booktitle = {Proceedings of the 16th {IEEE} Computer Security Foundations Workshop},
  year = {2003},
  issn = {1063-6900},
  pages = {187},
  doi = {http://doi.ieeecomputersociety.org/10.1109/CSFW.2003.1212713},
  publisher = {IEEE Computer Society},
  address = {Los Alamitos, CA, USA},
}

@inproceedings{Weissman:TPLHC,
  author = {Vicky Weissman and Carl Lagoze},
  title = {Towards a Policy Language for Humans and Computers},
  booktitle = {Eighth European Conference on Digital Libraries},
  year = {2004},
}

% Cassandra
% ---------

@inproceedings{Becker:CDACPTE,
  author = {Mortiz Y. Becker and Peter Sewell},
  title = {Cassandra: Distributed Access Control Policies with Tunable Expressiveness},
  booktitle = {Proceedings of the 5th {IEEE} International Workshop on Policies for Distributed Systems and Networks},
  year = {2004},
  month = {June},
  url = {http://www.cl.cam.ac.uk/users/mywyb2/publications/becker04cassandra-policy2004.pdf}
}

@inproceedings{Becker:CFTMAEHR,
  author = {Mortiz Y. Becker and Peter Sewell},
  title = {Cassandra: Flexible Trust Management, Applied to Electronic Health Records},
  booktitle = {Proceedings of the 17th {IEEE} Computer Security Foundations Workshop},
  year = {2004},
  month = {June},
  url = {http://www.cl.cam.ac.uk/users/mywyb2/publications/becker04cassandra-csfw2004.pdf}
}

@TechReport{Becker:CFTMAEHR2,
  author = {Moritz Y. Becker},
  title = {Cassandra: Flexible Trust Management and its Application to Electronic Health Records},
  institution = {University of Cambridge},
  year = {2005},
  number = {648},
  month = {October},
}

% Other
% -----

@inproceedings{Weeks:UTMS,
  author = {Stephen Weeks},
  title = {Understanding Trust Management Systems},
  booktitle = {Proceedings of the 2001 {IEEE} Symposium on Security and Privacy},
  year = {2001},
  pages = {94},
  publisher = {IEEE Computer Society},
  address = {Washington, DC, USA},
  url = {http://csdl2.computer.org/dl/proceedings/sp/2001/1046/00/10460094.pdf}
 }


@incollection{Blaze:RTMDSS,
  author = {Matt Blaze and Joan Feigenbaum and John Ioannidis and Angelos D. Keromytis},
  title = {The Role of Trust Management in Distributed Systems Security},
  booktitle = {Secure Internet Programming: Security Issues for Mobile and Distributed Objects},
  year = {1999},
  isbn = {3-540-66130-1},
  pages = {185--210},
  publisher = {Springer-Verlag},
  address = {London, UK},
  url = {http://www.cs.yale.edu/homes/jf/BFIK-SIP.pdf}
}

@inproceedings{Kagal:FDTM,
  author = {Lalana Kagal and Scott Cost and Timothy Finin and Yun Peng},
  title = {A Framework for Distributed Trust Managmenet},
  url = {http://www.cs.umbc.edu/~finin/papers/papers/nimas01/nimas01.pdf}
}

@article{Li:BPOCSATM,
  author = {Ninghui Li and John C. Mitchell and William H. Winsborough},
  title = {Beyond Proof-of-compliance: Security Analysis in Trust Management},
  journal = {Journal of the {ACM}},
  year = {2005},
  month = {May},
  volume = {52},
  number = {3},
  pages = {474--514},
  url = {http://www.cs.purdue.edu/homes/ninghui/papers/analysis_j.pdf}
}

@inproceedings{Etalle:ICTM,
  author = {Sandro Etalle and William H. Winsborough},
  title = {Integrity Constraints in Trust Management},
  booktitle = {Proceedings of the 10th {ACM} Symposium on Access Control Models and Technologies},
  year = {2005},
  isbn = {1-59593-045-0},
  pages = {1--10},
  location = {Stockholm, Sweden},
  doi = {http://doi.acm.org/10.1145/1063979.1063981},
  publisher = {ACM Press},
  address = {New York, NY, USA},
}

% Datalog
% =======

@article{Apt:TTDK,
  author = {K. R. Apt and H. A. Blair and A. Walker},
  title = {Towards a Theory of Declarative Knowledge},
  book = {Foundations of Deductive Databases and Logic Programming},
  year = {1988},
  isbn = {0-934613-40-0},
  pages = {89--148},
  publisher = {Morgan Kaufmann Publishers Inc.},
  address = {San Francisco, CA, USA},
}

@book{Ceri:LPD,
  author = {S. Ceri and G. Gottlob and L. Tanca},
  title = {Logic Programming and Databases},
  publisher = {Springer-Verlag},
  year = {1990},
}

@article{Ceri:WYAWKAD,
  author = {Stefano Ceri and Georg Gottlab and Letizia Tanca},
  title = {What You Always Wanted to Know about Datalog (And Never Dared to Ask)},
  journal = {IEEE Transactions on Knowledge and Data Engineering},
  year = {1989},
  month = {March},
  volume = {1},
  number = {1},
  pages = {146--166},
}

@article{Toman:MECED,
  author = {David Toman},
  title = {Memoing Evaluation for Constraint Extensions of Datalog},
  journal = {Constraints},
  year = {1997},
  volume = {2},
  pages = {337--359}
}

@inproceedings{Li:DCFTML,
  author = {Ninghui Li and John C. Mitchell},
  title = {Datalog with Constraints: A Foundation for Trust Management Languages},
  booktitle = {Proceedings of the Fifth International Symposium on Practical Aspects of Declarative Languages},
  year = {2003},
  month = {January},
  url = {http://www.cs.purdue.edu/homes/ninghui/abstracts/cdatalog_padl03.html}
}

% Certificate Theory
% ==================

@inproceedings{Stubblebine:RSAERDS,
  author = {Stuart Stubblebine},
  title = {Recent-Secure Authentication: Enforcing Revocation in Distributed Systems},
  booktitle = {Proceedings of the 1995 {IEEE} Symposium on Security and Privacy},
  year = {1995},
  pages = {224--235},
  publisher = {IEEE Computer Society},
  doi = {http://doi.ieeecomputersociety.org/10.1109/SECPRI.1995.398935}
}

@inproceedings{Stubblebine:ALSSRR,
  author = {Stuart G. Stubblebine and Rebecca N. Wright},
  title = {An Authentication Logic Supporting Synchronization, Revocation, and Recency},
  booktitle = {Proceedings of the 3rd {ACM} Conference on Computer and Communications Security},
  year = {1996},
  isbn = {0-89791-829-0},
  pages = {95--105},
  location = {New Delhi, India},
  doi = {http://doi.acm.org/10.1145/238168.238195},
  publisher = {ACM Press},
  address = {New York, NY, USA},
}

@inproceedings{Rivest:CWECRL,
  author = {R. L. Rivest},
  title = {Can We Eliminate Certificate Revocation Lists?},
  booktitle = {Proceedings of the 2nd International Conference on Financial Cryptography},
  year = {1998},
  isbn = {3-540-64951-4},
  pages = {178--183},
  publisher = {Springer-Verlag},
  address = {London, UK},
}

@inproceedings{McDaniel:RTCWECRL,
  author = {Patrick McDaniel and Aviel D. Rubin},
  title = {A Response to ''Can We Eliminate Certificate Revocation Lists?''},
  booktitle = {Proceedings of the 4th International Conference on Financial Cryptography},
  year = {2001},
  isbn = {3-540-42700-7},
  pages = {245--258},
  publisher = {Springer-Verlag},
  address = {London, UK},
}

@manual{X500,
  title = {Information Technology - Open Systems Interconnection - The Directory: Overview of Concepts, Models, and Services},
  key = {X.500},
  organization = {International Telecommunications Union},
  year = {2001},
}

@manual{X509,
  title = {Information Technology - Open Systems Interconnection - The Directory: Public Key and Attribute Certificate Frameworks},
  key = {X.509},
  organization = {International Telecommunications Union},
  year = {2000},
}

@inproceedings{Ellison:EIWCA,
  author = {Carl M. Ellison},
  title = {Establishing Identity Without Certification Authorities},
  booktitle = {Proceedings of the 6th USENIX Security Symposium},
  year = {1996},
  month = {July}
}

% Role Based Access Control
% =========================

@inproceedings{Ferraiolo:RBAC,
  author = {D. Ferraiolo and R. Kuhn},
  title = {Role-Based Access Controls},
  booktitle = {15th {NIST}-{NCSC} National Computer Security Conference},
  pages = {554--563},
  year = {1992},
  url = {http://www.citeseer.ist.psu.edu/ferraiolo92rolebased.html}
}

@article{Sandhu:RBACM,
  author = {Ravi S. Sandhu and Edward J. Coyne and Hal L. Feinstein and Charles E. Youman},
  title = {Role-Based Access Control Models},
  journal = {Computer},
  volume = {29},
  number = {2},
  year = {1996},
  issn = {0018-9162},
  pages = {38--47},
  doi = {http://dx.doi.org/10.1109/2.485845},
  publisher = {IEEE Computer Society Press},
  address = {Los Alamitos, CA, USA},
}

@inproceedings{Giuri:FMRBACC,
  author = {Luigi Giuri and Pietro Iglio},
  title = {A Formal Model for Role-Based Access Control with Constraints},
  booktitle = {Proceedings of the 9th {IEEE} Computer Security Foundations Workshop},
  year = {1996},
  pages = {136},
  publisher = {IEEE Computer Society Press},
  url = {http://csdl2.computer.org/dl/proceedings/csfw/1996/7522/00/75220136.pdf}
}

@inproceedings{Simon:SODRBE,
  author = {Richard T. Simon and Mary Ellen Zurko},
  title = {Separation of Duty in Role-Based Environments},
  booktitle = {Proceedings of the 10th {IEEE} Computer Security Foundations Workshop},
  year = {1997},
  month = {June},
  pages = {183--194},
  doi = {http://doi.ieeecomputersociety.org/10.1109/CSFW.1997.596811},
  publisher = {IEEE Computer Society Press},
  url = {http://csdl2.computer.org/dl/proceedings/csfw/1997/7990/00/79900183.pdf}
}

@article{Ahn:RBACS,
  author = {Gail-Joon Ahn and Ravi Sandhu},
  title = {Role-Based Authorization Constraint Specification},
  journal = {{ACM} Transactions on Information and System Security},
  volume = {3},
  number = {4},
  year = {2000},
  month = {November},
  pages = {207--226}
}

@inproceedings{Al-Kahtani:MABURA,
  author = {Mohammad A. Al-Kahtani and Ravi Sandhu},
  title = {A Model for Attribute-Based User-Role Assignment},
  booktitle = {Proceedings of the 18th Annual Computer Security Applications Conference},
  year = {2002},
  isbn = {0-7695-1828-1},
  pages = {353},
  publisher = {IEEE Computer Society},
  address = {Washington, DC, USA},
}

% General Access Control
% ======================

@article{Harrison:POS,
  author = {Michael A. Harrison and Walter L. Ruzzo and Jeffrey D. Ullman},
  title = {Protection in operating systems},
  journal = {Communications of the {ACM}},
  volume = {19},
  number = {8},
  year = {1976},
  issn = {0001-0782},
  pages = {461--471},
  doi = {http://doi.acm.org/10.1145/360303.360333},
  publisher = {ACM Press},
  address = {New York, NY, USA},
}

@article{Burrows:LA,
  author = {Michael Burrows and Martin Abadi and Roger M. Needham},
  title = {A Logic of Authentication},
  journal = {{ACM} Transactions on Computer Systems},
  year = {1990},
  month = {February},
  volume = {8},
  number = {1},
  pages = {18--36}
}

@article{Lampson:ADS,
  author = {Butler Lampson and Martin Abadi and Michael Burrows and Edward Wobber},
  title = {Authentication in Distributed Systems},
  journal = {{ACM} Transactions on Computer Systems},
  year = {1992},
  month = {November},
  volume = {10},
  number = {4},
  pages = {265--310}
}

@article{Abadi:CACDS,
  author = {Martin Abadi and Michael Burrows and Butler Lampson and Gordon Plotkin},
  title = {A Calculus for Access Control in Distributed Systems},
  journal = {{ACM} Transactions on Programming Languages and Systems},
  year = {1993},
  month = {September},
  volume = {15},
  number = {4},
  issn = {0164-0925},
  pages = {706--734},
  doi = {http://doi.acm.org/10.1145/155183.155225},
  publisher = {ACM Press},
  address = {New York, NY, USA}
}

@article{Wobber:ATOS,
  author = {Edward Wobber and Mart\&\#237;n Abadi and Michael Burrows and Butler Lampson},
  title = {Authentication in the Taos Operating System},
  journal = {SIGOPS Operating Systems Review.},
  volume = {27},
  number = {5},
  year = {1993},
  issn = {0163-5980},
  pages = {256--269},
  doi = {http://doi.acm.org/10.1145/173668.168640},
  publisher = {ACM Press},
  address = {New York, NY, USA},
}

@article{Woo:ADSNA,
  author = {Thomas Y. C. Woo and Simon S. Lam},
  title = {Authorization in Distributed Systems: A New Approach},
  journal = {Journal of Computer Security},
  pages = {107-136},
  year = {1993}
}

@inproceedings{Jajodia:LLEA,
  author = {Sushil Jajodia and Pierangela Samarati and V. S. Subrahmanian},
  title = {A Logical Language for Expressing Authorizations},
  booktitle = {Proceedings of the 1997 {IEEE} Symposium on Security and Privacy},
  publisher = {IEEE Computer Society},
  year = {1997},
  pages = {31--42},
  url = {http://csdl2.computer.org/dl/proceedings/sp/1997/7828/00/78280031.pdf}
}

@inproceedings{Aura:SDN,
  author = {T. Aura},
  title = {On the Structure of Delegation Networks},
  booktitle = {Proceedings of the 11th {IEEE} Computer Security Foundations Workshop},
  year = {1998},
  isbn = {0-8186-8488-7},
  pages = {14},
  publisher = {IEEE Computer Society},
  address = {Washington, DC, USA},
}

@inproceedings{Abadi:LAC,
  author = {Martin Abadi},
  title = {Logic in Access Control},
  booktitle = {Proceedings of the 18th {IEEE} Symposium on Logic in Computer Sciennce},
  year = {2003},
  month = {June},
  url = {http://www.cse.ucsc.edu/~abadi/Papers/lics2003.pdf}
}

@article{Bertino:LFRAACM,
  author = {Elisa Bertino and Barbara Catania and Elena Ferrari and Paolo Perlasca},
  title = {A Logical Framework for Reasoning About Access Control Models},
  journal = {{ACM} Transactions on Information and System Security},
  year = {2003},
  month = {February},
  volume = {6},
  number = {1},
  pages = {71--127}
}

@inproceedings{Lorch:ACFEUXACDS,
  author = {Markus Lorch and Seth Proctor and Rebekah Lepro and Dennis Kafura and Sumit Shah},
  title = {Access Control: First Experiences Using {XACML} for Access Control in Distributed Systems},
  booktitle = {Proceedings of the 2003 {ACM} Workshop on {XML} Security},
  year = {2003},
  month = {October},
  isbn = {1-58113-777-X},
  pages = {25--37},
  location = {Fairfax, Virginia},
  doi = {http://doi.acm.org/10.1145/968559.968563},
  publisher = {ACM Press},
  address = {New York, NY, USA},
}

@inproceedings{Tripunitara:CEPACM,
  author = {Mahesh V. Tripunitara and Ninghui Li},
  title = {Comparing the Expressive Power of Access Control Models},
  booktitle = {Proceedings of the {ACM} Conference on Computer and Communications Security},
  year = {2004},
  month = {October},
  url = {http://www.cs.purdue.edu/homes/ninghui/papers/exp_ccs04.pdf},
}

% Programming Language Based Access Control
% =========================================

% Did this workshop really have any proceedings?
@inproceedings{Liu:CSI,
  author = {Yu David Liu and Scott Smith},
  title = {A Component Security Infrastructure},
  booktitle = {Proceedings of the 2002 Foundations of Computer Security Workshop},
  year = {2002},
  month = {July}
}

% Trust Negotiation
% =================

@inproceedings{seamons97internet,
  author = {K. Seamons and W. Winsborough and M. Winslett},
  title = {Internet Credential Acceptance Policies},
  booktitle = {Proceedings of the Workshop on Logic  Programming for Internet Applications},
  year = {1997},
  month = {July},
  address = {Leuven, Belgium},
  url = "citeseer.ist.psu.edu/seamons97internet.html"
}

@inproceedings{winslett-adl97,
  author = {Marianne Winslett and Neil Ching and Vicki Jones and Igor Slepchin},
  title = {Assuring Security and Privacy for Digital Library Transactions on the Web: Client and Server Security Policies},
  booktitle = {Proceedings of the {IEEE} International Forum on Research and Technology Advances in Digital Libraries},
  year = {1997},
  isbn = {0-8186-8010-5},
  pages = {140--151},
  location = {Washington, D.C., United States},
  publisher = {IEEE Computer Society},
  address = {Washington, DC, USA},
}

@inproceedings{Winsborough:ATN,
  author = {W. H. Winsborough and K. E. Seamons and V. E. Jones},
  title = {Automated Trust Negotiation},
  booktitle = {Procedings of the DARPA Information Survivability Conference and Exposition. Volume 1},
  year = {2000},
  pages = {88--102},
  publisher = {IEEE Computer Society},
  doi = {http://doi.ieeecomputersociety.org/10.1109/DISCEX.2000.824965}
}

@inproceedings{Yu:PECSATNI,
  author = {Ting Yu and Xiaosong Ma and Marianne Winslett},
  title = {{PRUNES}: An Efficient and Complete Strategy for Automated Trust Negotiation Over the Internet},
  booktitle = {Proceedings of the 7th {ACM} conference on Computer and communications security},
  year = {2000},
  isbn = {1-58113-203-4},
  pages = {210--219},
  location = {Athens, Greece},
  doi = {http://doi.acm.org/10.1145/352600.352633},
  publisher = {ACM Press},
  address = {New York, NY, USA},
}

@inproceedings{bonatti-ccs00,
  author = {P.A. Bonatti and P. Samarati},
  title = {Regulating service access and information release on the Web},
  booktitle = {Proceedings of the 7th ACM conference on computer and communications security},
  year = {2000},
  isbn = {1-58113-203-4},
  pages = {134--143},
  location = {Athens, Greece},
  doi = {http://doi.acm.org/10.1145/352600.352620},
  publisher = {ACM Press},
}

@article{Bonatti:UFRAIRW,
  author = {P. Bonatti and P. Samarati},
  title = {A Unified Framework for Regulating Access and Information Release on the Web},
  journal = {Journal of Computer Security},
  year = {2002},
  volume = {10},
  number = {3},
  pages = {241--272}
}

@article{Jajodia:FSMACP,
  author = {Sushil Jajodia and Pierangela Samarati and Maria Luisa Sapino and V. S. Subrahmanian},
  title = {Flexible Support for Multiple Access Control Policies},
  journal = {ACM Transactions on Database Systems},
  volume = {26},
  number = {2},
  year = {2001},
  issn = {0362-5915},
  pages = {214--260},
  doi = {http://doi.acm.org/10.1145/383891.383894},
  publisher = {ACM},
  address = {New York, NY, USA},
}

@inproceedings{Seamons:LDACPATN,
  author = {K. Seamons and M. Winslett and T. Yu},
  title = {Limiting the Disclosure of Access Control Policies During Automated Trust Negotiation},
  booktitle = {Proceedings of the Symposium on Network and Distributed System Security},
  location = {San Diego, CA},
  month = {February},
  year = {2001},
  url = {citeseer.ist.psu.edu/seamons01limiting.html}
}

@inproceedings{Yu:ISATN,
  author = {Ting Yu and Marianne Winslett and Kent E. Seamons},
  title = {Interoperable Strategies in Automated Trust Negotiation},
  booktitle = {Proceedings of the 8th {ACM} conference on Computer and Communications Security},
  year = {2001},
  isbn = {1-58113-385-5},
  pages = {146--155},
  location = {Philadelphia, PA, USA},
  doi = {http://doi.acm.org/10.1145/501983.502004},
  publisher = {ACM Press},
  address = {New York, NY, USA},
}

@inproceedings{Winsborough:TPATN,
  author = {William H. Winsborough and Ninghui Li},
  title = {Towards Practical Automated Trust Negotiation},
  booktitle = {Proceedings of the {IEEE} 3rd International Workshop on Policies for Distributed Systems and Networks},
  year = {2002},
  month = {June},
  publisher = {IEEE Press},
  url = {http://www.nai.com/common/media/nai/pdf/nailabs/patn_policy2002.pdf}
}

@inproceedings{seamons-policy02,
  author = {K. Seamons and M. Winslett and T. Yu and B. Smith and E. Child and J. Jacobson and H. Mills and L. Yu},
  title = {Requirements for Policy Languages for Trust Negotiation},
  booktitle = {Proceedings of the 3rd International Workshop on Policies for Distributed Systems and Networks},
  year = {2002},
  isbn = {0-7695-1611-4},
  pages = {68},
  publisher = {IEEE Computer Society},
  address = {Washington, DC, USA},
}

@article{Winslett:NTW,
  author = {M. Winslett and T. Yu and K. E. Seamons and A. Hess and J. Jacobson and R. Jarvis and B. Smith and L. Yu},
  title = {Negotiating Trust on the Web},
  journal = {IEEE Internet Computing},
  volume = {6},
  number = {6},
  year = {2002},
  month = {November/December},
  pages = {30--37}
}

@article{seamons-discex03,
  author = {Kent E. Seamons and Thomas Chan and Evan Child and Michael Halcrow and Adam Hess and Jason Holt and Jared Jacobson and Ryan Jarvis and Aaron Patty and Bryan Smith and Tore Sundelin and Lina Yu},
  title = {TrustBuilder: Negotiating Trust in Dynamic Coalitions},
  journal = {DARPA Information Survivability Conference and Exposition},
  volume = {02},
  year = {2003},
  issn = {2003102155},
  pages = {49},
  doi = {http://doi.ieeecomputersociety.org/10.1109/DISCEX.2003.1194912},
  publisher = {IEEE Computer Society},
  address = {Los Alamitos, CA, USA},
}

@incollection{bonatti-logicsforauth,
  author = {P.A. Bonatti and P. Samarati},
  editor = {J. Chomicki and R. van der Meyden and G. Saake},
  booktitle = {Logics for Emerging Applications of Databases},
  title = {Logics for Authorizations and Security},
  publisher = {Springer-Verlag},
  year = {2003},
}

@inproceedings{gavriloaie-eswp04,
  author = {Rita Gavriloaie and
            Wolfgang Nejdl and
            Daniel Olmedilla and
            Kent E. Seamons and
            Marianne Winslett},
  title = {No Registration Needed: How to Use Declarative Policies
            and Negotiation to Access Sensitive Resources on the Semantic
            Web},
  booktitle = {Proceedings of the 1st European Semantic Web Symposium},
  month = {May},
  year = {2004},
  address = {Heraklion, Crete, Greece},
  pages = {342--356},
  ee = {http://springerlink.metapress.com/openurl.asp?genre=article{\&}issn=0302-9743{\&}volume=3053{\&}spage=342},
  publisher = {Springer},
  series = {Lecture Notes in Computer Science},
  volume = {3053},
  isbn = {3-540-21999-4},
  bibsource = {DBLP, http://dblp.uni-trier.de},
  url = {citeseer.ist.psu.edu/article/gavriloaie04no.html}
}

@inproceedings{Winsborough:SATN,
  author = {William H. Winsborough and Ninghui Li},
  title = {Safety in Automated Trust Negotiation},
  booktitle = {Proceedings of the 2004 {IEEE} Symposium on Security and Privacy},
  year = {2004},
  issn = {1540-7993},
  pages = {147},
  doi = {http://doi.ieeecomputersociety.org/10.1109/SECPRI.2004.1301321},
  publisher = {IEEE Computer Society},
  address = {Los Alamitos, CA, USA},
}

@article{Bertino:TNCSL,
  author = {Elisa Bertino and Elena Ferrari and Anna Squicciarini},
  title = {Trust Negotiations: Concepts, Systems, and Languages},
  journal = {Computing in Science and Engineering.},
  volume = {6},
  number = {4},
  year = {2004},
  issn = {1521-9615},
  pages = {27--34},
  doi = {http://dx.doi.org/10.1109/MCSE.2004.22},
  publisher = {IEEE Educational Activities Department},
  address = {Piscataway, NJ, USA},
}

@inproceedings{Ryutov:ATNAC,
  author = {Tatyana Ryutov and Li Zhou, and Clifford Neuman and Travis Leithead and Kent E. Seamons},
  title = {Adaptive Trust Negotiation and Access Control},
  year = {2005},
  month = {June},
  pages = {139--146},
}

@inproceedings{protune-05,
  author = {Piero A. Bonatti and Daniel Olmedilla},
  title = {Driving and Monitoring Provisional Trust Negotiation with Metapolicies},
  booktitle = {{IEEE} 6th International Workshop on Policies for Distributed Systems and Networks},
  year = {2005},
  address = {Stockholm, Sweden},
  month = {Jun}
}

@misc{Bonatti:PLS,
  author = {P.A. Bonatti and D. Olmedilla},
  title = {Policy Language Specification},
  month = {February},
  year = {2005},
  note = {REWERSE Deliverable I2-D2, February 2005. \texttt{http://rewerse.net/deliverables.html}}
}

@inproceedings{bonatti-ecai06,
  author = {Piero A. Bonatti and
            Daniel Olmedilla and
            Joachim Peer},
  title =  {Advanced Policy Queries},
  booktitle = {Proceedings of the 17th European Conference on Artificial Intelligence},
  publisher = {IOS Press},
  year      = {2006},
  isbn      = {1-58603-642-4},
  pages     = {200-204},
 }

% Surveys
% =======

@article{Yu:DQP,
  author = {Clement T. Yu and C. C. Chang},
  title = {Distributed Query Processing},
  journal = {{ACM} Computing Surveys},
  year = {1984},
  month = {December},
  volume = {16},
  number = {4},
  pages = {399--433}
}

@article{Kossmann:SADQP,
  author = {Donald Kossmann},
  title = {The State of the Art in Distributed Query Processing},
  journal = {{ACM} Computing Surveys},
  year = {2000},
  month = {December},
  volume = {32},
  number = {4},
  pages = {422--469}
}

@article{Tolone:ACCS,
  author = {William Tolone and Gail-Joon Ahn and Tanusree Pai and Seng-Phil Hong},
  title = {Access Control in Collaborative Systems},
  journal = {{ACM} Computing Surveys},
  year = {2005},
  month = {March},
  volume = {37},
  number = {1},
  pages = {29--41}
}


% Distributed Applications
% ========================

@article{Nicol:HIHBCMA,
  author = {John R. Nicol and Yechezkal S. Gutfreund and Jim Paschetto and Kimberly S. Rush and Christopher Martin},
  title = {How the Internet Helps Build Collaborative Multimedia Applications},
  journal = {Communications of the {ACM}},
  volume = {42},
  number = {1},
  year = {1999},
  issn = {0001-0782},
  pages = {79--85},
  doi = {http://doi.acm.org/10.1145/291469.291474},
  publisher = {ACM Press},
  address = {New York, NY, USA},
}

@article{Evans:UJACMUDA,
  author = {Eric Evans and Daniel Rogers},
  title = {Using Java Applets and {CORBA} for Multi-User Distributed Applications},
  journal = {Internet Computing},
  volume = {1},
  number = {3},
  year = {1997},
  pages = {43--55},
  publisher = {IEEE Computer Society}
}

% Political and Social Issues
% ===========================

@misc{Ota:PPCMI,
  author = {{Office of Technology Assessment}},
  title = {Protecting Privacy in Computerized Medical Information, {OTA-TCT-576}},
  month = {September},
  year = {1993},
  note = {U.S. Government Printing Office}
}

% Web Based References
% ====================

@misc{Rivest:SDSI-10,
  author = {Ronald L. Rivest and Butler Lampson},
  note = {{SDSI} --- A Simple Distributed Security Infrastructure. Version 1.0, at \url{http://theory.lcs.mit.edu/~rivest/sdsi10.html}, September 15, 1996.},
  month = {September},
  year = {1996},
  url = {http://theory.lcs.mit.edu/~rivest/sdsi10.html}
}

@misc{Rivest:SDSI-11,
  author = {Ronald L. Rivest and Butler Lampson},
  note = {{SDSI} --- A Simple Distributed Security Infrastructure. Version 1.1, at \url{http://theory.lcs.mit.edu/~rivest/sdsi11.html}, October 2, 1996.},
  month = {October},
  year = {1996},
  url = {http://theory.lcs.mit.edu/~rivest/sdsi11.html}
}

@misc{OASIS:XACMLTC,
  author = {{OASIS}},
  year = {2006},
  note = {{OASIS} eXtensible Access Control Markup Language Technical Committee at \url{http://www.oasis-open.org/committees/tc_home.php?wg_abbrev=xacml}},
  url = {http://www.oasis-open.org/committees/tc_home.php?wg_abbrev=xacml}
}

@misc{OASIS:SSTC,
  author = {{OASIS}},
  year = {2006},
  note = {{OASIS} Security Services Technical Committee at \url{http://www.oasis-open.org/committees/tc_home.php?wg_abbrev=security}},
  url = {http://www.oasis-open.org/committees/tc_home.php?wg_abbrev=security}
}

@misc{OASIS:WSSTC,
  author = {{OASIS}},
  year = {2006},
  note = {{OASIS} Web Services Security Technical Committee at \url{http://www.oasis-open.org/committees/tc_home.php?wg_abbrev=wss}},
  url = {http://www.oasis-open.org/committees/tc_home.php?wg_abbrev=wss}
}

% ==========

@InProceedings{koshutanski-massacci-xmls03,
  author = 	 {H. Koshutanski and F. Massacci},
  title = 	 {An access control framework for business processes for web services},
  booktitle =	 {Proceedings of the {ACM} Workshop on {XML} Security},
  year =	 2003
}

@InProceedings{polakow-skalka-plas06,
  author = 	 {Jeff Polakow and Christian Skalka},
  title = 	 {Specifying Distributed Trust Management in {LolliMon}},
  booktitle = 	 {Proceedings of the {ACM} Workshop on Programming Languages and Analysis for Security},
  month =        {June},
  year =	 {2006},
  location =     {Ottawa, Ontario, Canada}
}

@article{jaffar-maher-jlp94,
  author    = {Joxan Jaffar and Michael J. Maher},
  title     = {Constraint Logic Programming: A Survey.},
  journal   = {Journal of Logic Programming},
  volume    = {19/20},
  year      = {1994},
  pages     = {503-581},
  bibsource = {DBLP, http://dblp.uni-trier.de}
}

@misc{xsb-page,
  author = {{XSB Inc.}},
  title = {{XSB} home page},
  year = 2006,
  note = "\url{http://xsb.sourceforge.net}" }


@InProceedings{ nikander98storing,
  author = "P. Nikander and L. Viljanen",
  title = "Storing and Retrieving Internet Certificates",
  booktitle = "Proceedings of the 3rd Nordic Workshop on Secure IT Systems",
  year = "1998",
  url = "citeseer.ist.psu.edu/nikander98storing.html" }

@InProceedings{ajmani02conchord,
  author = "Sameer Ajmani and Dwaine E. Clarke and Chuang-Hue Moh and Steven Richman",
  title = "{C}on{C}hord: Cooperative {SDSI} Certificate Storage and Name Resolution",
  month = "January",
  year = 2002,
  booktitle = "International Workshop on Peer-to-Peer Systems",
  url = "citeseer.ist.psu.edu/article/ajmani02conchord.html" 
}

@InProceedings{ adya02farsite,
  author = "A. Adya and W. Bolosky and M. Castro and R. Chaiken and G. Cermak and J. Douceur and J. Howell and J. Lorch and M. Theimer and R. Wattenhofer",
  title = "{FARSITE}: Federated, Available, and Reliable Storage for an Incompletely Trusted Environment",
  booktitle = "Symposium on Operating System Design and Implementation",
  year = "2002",
  url = "citeseer.ist.psu.edu/adya02farsite.html"
}

%
% Additional References (suggested by reviewers)
% ==============================================

% The trust negotiation references are blended in with the trust
% negotiation section above (that was already set aside).

@inproceedings{lbi-fc01,
  author = {Ninghui Li and Joan Feigenbaum},
  title = {Nonmonotonicity, User Interfaces, and Risk Assessment in Certificate Revocation},
  booktitle = {Proceedings of the 5th International Conference on Financial Cryptography},
  year = {2002},
  isbn = {3-540-44079-8},
  pages = {166--177},
  publisher = {Springer-Verlag},
  address = {London, UK}
}

@article{woo93authorizations,
    author = "Thomas Y. C. Woo and Simon S. Lam",
    title = "Authorizations in Distributed Systems: A New Approach",
    journal = "Journal of Computer Security",
    volume = "2",
    number = "2-3",
    pages = "107-136",
    year = "1993",
    url = "citeseer.ist.psu.edu/woo93authorization.html" }

@article{eiter-etal-tdbs97,
 author = {Thomas Eiter and Georg Gottlob and Heikki Mannila},
 title = {Disjunctive datalog},
 journal = {ACM Transactions on Database Systems},
 volume = {22},
 number = {3},
 year = {1997},
 issn = {0362-5915},
 pages = {364--418},
 doi = {http://doi.acm.org/10.1145/261124.261126},
 publisher = {ACM Press},
 address = {New York, NY, USA},
 }